@book{goodfellow_et_al_2016,
    title={Deep Learning},
    author={Ian Goodfellow and Yoshua Bengio and Aaron Courville},
    publisher={MIT Press},
    note={\url{http://www.deeplearningbook.org}},
    year={2016}
}

@article{hinton_salakhutdinov_2006,
    title={Reducing the Dimensionality of Data with Neural Networks},
    volume={313},
    DOI={10.1126/science.1127647},
    number={5786},
    journal={Science},
    author={Hinton, G. E. and Salakhutdinov, R.R.},
    year={2006},
    pages={504-507}
}

@inproceedings{heljakka_solin_kannala_2018,
    title = {Pioneer Networks: Progressively Growing Generative Autoencoder},
    author = {Heljakka, Ari and Solin, Arno and Kannala, Juho},
    year = {2018},
    booktitle = {Asian Conference on Computer Vision (ACCV)}
}

@misc{miyato_2018,
    title={Spectral Normalization for Generative Adversarial Networks},
    author={Takeru Miyato and Toshiki Kataoka and Masanori Koyama and Yuichi Yoshida},
    year={2018},
    eprint={1802.05957},
    archivePrefix={arXiv},
    primaryClass={cs.LG}
}

@misc{berthelot_et_al_2019,
    title={Understanding and Improving Interpolation in Autoencoders via an Adversarial Regularizer},
    author={David Berthelot and Colin Raffel and Aurko Roy and Ian Goodfellow},
    year={2018},
    eprint={1807.07543},
    archivePrefix={arXiv},
    primaryClass={cs.LG}
}

@misc{kingma_welling_2014,
    title={Adam: A Method for Stochastic Optimization},
    author={Diederik P. Kingma and Jimmy Ba},
    year={2014},
    eprint={1412.6980},
    archivePrefix={arXiv},
    primaryClass={cs.LG}
}